<?xml version="1.0" encoding="UTF-8"?><record xmlns="http://www.loc.gov/MARC21/slim" xmlns:cinclude="http://apache.org/cocoon/include/1.0" xmlns:zs="http://www.loc.gov/zing/srw/">
  <leader>00333nz  a2200121n  4500</leader>
  <controlfield tag="001">no 92007239 </controlfield>
  <controlfield tag="003">DLC</controlfield>
  <controlfield tag="005">19920324053004.5</controlfield>
  <controlfield tag="008">920317n| acannaab|          |n aaa     c</controlfield>
  <datafield tag="010" ind1=" " ind2=" ">
    <subfield code="a">no 92007239 </subfield>
  </datafield>
  <datafield tag="040" ind1=" " ind2=" ">
    <subfield code="a">InU-Mu</subfield>
    <subfield code="c">InU-Mu</subfield>
  </datafield>
  <datafield tag="100" ind1="1" ind2="0">
    <subfield code="a">Rödelberger, Philipp</subfield>
  </datafield>
  <datafield tag="670" ind1=" " ind2=" ">
    <subfield code="a">Humperdinck, E. Königskinder, c1911:</subfield>
    <subfield code="b">t.p. (Philipp Rödelberger)</subfield>
  </datafield>
</record>